01087cam a2200277 a 4500
001    70813420 /AJ/r86
003 DLC
005 19871006084439.0
008 860826m19689999ja ab        l00000 jpn  
010    $a    70813420 /AJ/r86
035    $a (CStRLIN)DCLP86-B14482
040    $c NNC $d NNC $d DLC
043    $a a-ja---
050 0  $a DS897.H325 $b H36 1968
066    $c $1
245 00 $6 880-01 $a Handa shishi.
260 0  $6 880-02 $a [Handa-shi] : $b Handa-shi, $c Shōwa 43-<59> [1968-<1984>
300    $a v. <1-5, 7-8> : $b ill. ; $c 22 cm.
500    $a Vol. 3 accompanied by Handa-shi chiiki chishitsuzu; v. 8, Handa-shi Otsukawa Asaiyama dashi kumiage zumen (1 folded) leaf).
505 1  $a [1]-[4] Shiryō hen -- [5] Honbun hen    -- [7] Bunkazai hen -- [8] Sairei minzoku hen
651  0 $6 880-03 $a Handa-shi (Japan)
651  0 $6 880-04 $a Handa-shi (Japan) $x History $x Sources.
880 00 $6 245-01/$1 $a 半田 市誌.
880 0  $6 260-02/$1 $a [半田市] : $b 半田市, $c 昭和 43-<59> [1968-<1984>
880  4 $6 651-03/$1 $a 半田市 (Japan)
880  4 $6 651-04/$1 $a 半田市 (Japan) $x History $x Sources.

