00847nam a2200229 a 4500
001    75840215 /ACN/r86
003 DLC
005 19870219000000.0
008 860606m19009999ch            00001 chi  
010    $a    75840215 /ACN/r86
035    $a (CStRLIN)DCLP86-B9742
050 0  $a PL3031.T32 $b L5
066    $c $1
245 00 $6 880-01 $a Li tsʻung.
260 0  $6 880-02 $a [Kao-hsiung shih] : $b Wen hua yüan : $b Fa hsing so Sheng su chʻu pan she, $c <min kuo 63-66   [1974-1977    >
300    $a v. <4, pts 1-2; v. 5> in <3   > ; $c 22 cm.
500    $a Cover title.
650  0 $a Didactic fiction, Chinese $z Taiwan.
710 20 $6 880-03 $a Kao-hsiung shih wen hua yüan.
880 00 $6 245-01/$1 $a 歷叢.
880 0  $6 260-02/$1 $a [高雄市] : $b 文化院 : $b 發行所　聖書　出版社, $c <民國63-66   [1974-1977   >
880 20 $6 710-03/$1 $a 高雄市  文化院.

