01020nam a2200277 a 4500
001    84226659 /ACN
003 DLC
005 19870219000000.0
008 860227s1983    cc ac    b    00000dchi  
010    $a    84226659 /ACN
035    $a (CStRLIN)DCLP86-B3400
050 0  $a NX90 $b .I18 1983
066    $c $1
082 0  $a 174/.97 $2 19
245 00 $6 880-01 $a I shu chia yü te yü.
250    $6 880-02 $a Ti 1 pan.
260 0  $6 880-03 $a Chʻeng-tu : $b Ssu-chʻuan jen min chʻu pan she : $b Ssu-chʻuan sheng hsin hua shu tien fa hsing, $c 1983.
300    $a 2, 3, 4, 244 p. : $b ill., ports. ; $c 19 cm.
440  0 $6 880-04 $a Te yü tsʻung shu
504    $a Bibliography: p. 239-240.
650  0 $a Artists $x Anecdotes, facetiae, satire, etc.
650  0 $a Ethics $x Anecdotes, facetiae, satire, etc.
880 00 $6 245-01/$1 $a 艺术家　与　德育.
880    $6 250-02/$1 $a 第1版.
880 0  $6 260-03/$1 $a 成都 : $b 四川　人民　出版社 : $b 四川省　新华　书店　发行, $c 1983.
880  0 $6 440-04/$1 $a 德育　丛书

