01336cam a2200349 a 4500
001    84231405 
003 DLC
005 20001214140017.0
008 841203m19849999cc       b    000 0 chi  
010    $a    84231405 
020    $c RMBY0.38 (v. 1)
035    $a (CStRLIN)DCLP84-B5184
040    $a DLC-R $c DLC-R $d DLC-R $d CStRLIN $d DLC
043    $a a-cc---
050 00 $a JQ1519.A5 $b C47529 1984
066    $c $1
082 00 $a 324.251/075 $2 19
245 00 $6 880-01 $a Zheng dang xue xi cai liao / $c ben she bian.
250    $6 880-02 $a Di 1 ban.
260    $6 880-03 $a Shenyang : $b Liaoning ren min chu ban she : $b Liaoning sheng xin hua shu dian fa xing, $c 1984-
300    $a v. <1, 3-5,   > ; $c 19 cm.
500    $a Colophon title also in pinyin: Zhengdang xuexi cailiao.
504    $a Includes bibliographical references.
610 20 $6 880-04 $a Zhongguo gong chan dang $x Party work.
710 2  $6 880-05 $a Liaoning ren min chu ban she.
740 0  $a Zhengdang xuexi cailiao.
880 00 $6 245-01/$1 $a 整党　学习　材料 / $c 本社　编.
880    $6 250-02/$1 $a 第1版.
880    $6 260-03/$1 $a 沈阳 : $b 辽宁　人氱　出版社 : $b 辽宁省　新华　书店　叱行, $c 1984-
880 24 $6 610-04/$1 $a 中国　共产党 $x Party work.
880 2  $6 710-05/$1 $a 辽宁　人氱　出版社.
987    $a PINYIN $b CStRLIN $c 20001212 $d c $e 1.0

