00916nam a2200241 a 4500
001    85174785 /ACN
003 DLC
005 19870219000000.0
008 860312s1983    cc a          00000 chi  
010    $a    85174785 /ACN
035    $a (CStRLIN)DCLP86-B4377
043    $a a-cc-hp
050 0  $a GR336.H67 $b H6 1983
066    $c $1
082 0  $a 398.2/32/5115 $2 19
245 00 $6 880-01 $a Ho-pei min chien ku shih hsüan / $c [chʻa tʻu Chang Wen-hsüeh].
250    $6 880-02 $a Hsin 1 pan.
260 0  $6 880-03 $a Shih-chia-chuang : $b Hua shan wen i chʻu pan she : $b Ho-pei sheng hsin hua shu tien fa hsing, $c 1983.
300    $a 2, 255 p. : $b ill. ; $c 19 cm.
650  0 $a Tales $z China $z Hopeh Province.
880 00 $6 245-01/$1 $a 河北　氱间　故事　选 / $c [插图　张　文学].
880    $6 250-02/$1 $a 新1版.
880 0  $6 260-03/$1 $a 石家庄 : $b 花山　文艺　出版社 : $b 河北省　新華　書店　叱行, $c 1983.

