01171nam a2200325 a 4500
001    86116930 /ACN
003 DLC
005 19870219000000.0
008 860430s1984    cc       b    00010 chi  
010    $a    86116930 /ACN
020    $c RMBY1.00
035    $a (CStRLIN)DCLP86-B7190
050 0  $a PN45 $b .C436 1984
066    $c $1
082 0  $a 809 $2 19
100 10 $6 880-01 $a Chang, Hsin-chien.
245 10 $6 880-02 $a Wen hsüeh chi chʻu chih shih / $c Chang Hsin-chien.
250    $6 880-03 $a Ti 1 pan.
260 0  $6 880-04 $a Ho-fei shih : $b An-hui wen i chʻu pan she : $b An-hui sheng hsin hua shu tien fa hsing, $c 1984.
300    $a 196 p. ; $c 19 cm.
440  0 $6 880-05 $a Chʻing nien wen hsüeh tsʻung shu
500    $a Cover title also in pinyin: Wenxuejichuzhishi.
504    $a Includes bibliographies.
650  0 $a Literature.
740 01 $a Wenxuejichuzhishi.
880 10 $6 100-01/$1 $a 章　新建.
880 10 $6 245-02/$1 $a 文学　基础　知识 / $c 章　新建.
880    $6 250-03/$1 $a 第1版.
880 0  $6 260-04/$1 $a 合肥市 : $b 安徽　文艺　出版社 : $b 安徽省　新華　書店　发行, $c 1984.
880  0 $6 440-05/$1 $a 青年　文学　丛书

