01437nam a2200301 a 4500
001    86117080 /ACN
003 DLC
005 19870219000000.0
008 860502s1985    cc ab    b    00000 chi  
010    $a    86117080 /ACN
020    $c RMBY2.30
035    $a (CStRLIN)DCLP86-B7475
043    $a a-cc---
050 0  $a QE537.2.C6 $b S5 1985
066    $c $1
082 0  $a 551.2/2/09514 $2 19
245 00 $6 880-01 $a Shan Kan Ning Chʻing ssu sheng (chʻü) chʻiang ti chen mu lu : $b kung yüan [chʻien] 1177 nien-kung yüan 1982 nien / $c Kuo chia ti chen chü Lan-chou ti chen yen chiu so.
250    $6 880-02 $a Ti 1 pan.
260 0  $6 880-03 $a Hsi-an : $b Shan-hsi kʻo hsüeh chi shu chʻu pan she : $b Shan-hsi sheng hsin hua shu tien fa hsing, $c 1985.
300    $a 2, 170 p. : $b ill., maps ; $c 26 cm.
504    $a Bibliography: p. 170.
650  0 $a Earthquakes $z China, Northwest $x Chronology.
710 20 $6 880-04 $a Kuo chia ti chen chü Lan-chou ti chen yen chiu so.
740 01 $a Shan Kan Ning Chʻing 4 sheng (chʻü) chʻiang ti chen mu lu.
880 00 $6 245-01/$1 $a 陕甘宁青　四省(区) 强　地震　目录 : $b 公元[前] 1177年－公元 1982年 / $c 国家　地震局　兰州　地震　研究所.
880    $6 250-02/$1 $a 第1版.
880 0  $6 260-03/$1 $a 西安 : $b 陕西　秱学　技术　出版社 : $b 陕西省　新華　書店　叱行, $c 1985.
880 20 $6 710-04/$1 $a 国家　地震局　兰州　地震　研究所.

