01289cam a2200337 a 4500
001    86118651 /ACN/r88
003 DLC
005 19880830123434.0
008 860218s1985    ch       d    00110 chi  
010    $a    86118651 /ACN/r88
020    $c NT$260.00
035    $a (CStRLIN)DCLP86-B2669
041 0  $a chieng
050 0  $a SD126 $b .C473 1985
066    $c $1
082 0  $a 634.9/03/21 $2 19
100 10 $6 880-01 $a Chʻen, Ming-tsʻun.
245 10 $6 880-02 $a Sen lin hsüeh ming tzʻu tzʻu tien = $b English Chinese dictionary of forestry / $c Chʻen Ming-tsʻun, Huang Chin-hsien ho pien.
250    $6 880-03 $a Chʻu pan.
260 0  $6 880-04 $a Tʻai-pei shih : $b Ming shan chʻu pan she, $c min kuo 74 [1985]
300    $a 274 p. ; $c 20 cm.
500    $a Includes index.
650  0 $a Forests and forestry $x Dictionaries.
650  0 $a English language $x Dictionaries $x Chinese.
700 10 $6 880-05 $a Huang, Chin-hsien.
740 01 $a English Chinese dictionary of forestry.
880 10 $6 100-01/$1 $a 陳　銘東.
880 10 $6 245-02/$1 $a 森林學　名詞　辭典 = $b English Chinese dictionary of forestry / $c 陳　銘東, 黃　釱仙　合編.
880    $6 250-03/$1 $a 初版.
880 0  $6 260-04/$1 $a 台北市 : $b 名山　出版社, $c 氱國74 [1985]
880 10 $6 700-05/$1 $a 黃　釱仙.

