00995nam a2200289 a 4500
001    86118679 /ACN
003 DLC
005 19870219000000.0
008 860218s1985    ch            00011 chi  
010    $a    86118679 /ACN
035    $a (CStRLIN)DCLP86-B2674
050 0  $a PL2865.H3 $b H84 1985
066    $c $1
082 0  $a 895.1/35 $2 19
100 10 $6 880-01 $a Huang, Hai, $d 1943-
245 10 $6 880-02 $a Hsing hsing ti hsiang lien / $c Huang Hai chu.
250    $6 880-03 $a Chʻu pan.
260 0  $6 880-04 $a Tʻai-pei shih : $b Huang kuan chʻu pan she, $c min kuo 74 [1985]
300    $a 297 p. ; $c 19 cm.
440  0 $6 880-05 $a Huang kuan tsʻung shu ; $v ti 1143 chung
500    $a Short stories.
650  0 $a Science fiction, Chinese.
880 10 $6 100-01/$1 $a 黃　海, $d 1943-
880 10 $6 245-02/$1 $a 星星　的　項練 / $c 黃　海　著.
880    $6 250-03/$1 $a 初版.
880 0  $6 260-04/$1 $a 台北市 : $b 皇冠　出版社, $c 民國74 [1985]
880  0 $6 440-05/$1 $a 皇冠　叢書 ; $v 第1143種

