01365cam a2200361 a 4500
001    86119726 
003 DLC
005 20010412140706.0
008 860403s1985    cc af    b    00000 chi  
010    $a    86119726 
020    $c RMBY3.90
035    $a (CStRLIN)DCLP86-B5782
040    $a DLC-R $c DLC-R $d DLC-R $d CStRLIN $d DLC-R
043    $a a-cc---
050 00 $a DS751 $b .C4945 1985
066    $c $1
082 00 $a 951/.024 $2 19
245 00 $6 880-01 $a Jian ming Song shi / $c Zhou Baozhu, Chen Zhen zhu bian ; Zhou Baozhu ... [et al.] bian xie.
250    $6 880-02 $a Di 1 ban.
260    $6 880-03 $a Beijing : $b Ren min chu ban she : $b Xin hua shu dian fa xing, $c 1985.
300    $a 4, 5, 603 p., [12] p. of plates : $b ill. ; $c 21 cm.
500    $a Colophon title also in pinyin : Jianming Songshi.
504    $a Includes bibliographical references.
651  0 $a China $x History $y Song dynasty,  960-1279.
700 1  $6 880-04 $a Zhou, Baozhu.
700 1  $6 880-05 $a Chen, Zhen.
740 0  $a Jianming Songshi.
880 00 $6 245-01/$1 $a 簡明　宋　史 / $c 周　宝珠, 陈　振　主编 ; 周　宝珠 ... [et al.] 编写.
880    $6 250-02/$1 $a 第1版.
880    $6 260-03/$1 $a 北京 : $b 人民　出版社 : $b 新華　書店　发行, $c 1985.
880 1  $6 700-04/$1 $a 周　宝珠.
880 1  $6 700-05/$1 $a 陈　振.
987    $a PINYIN $b CStRLIN $c 20001214 $d c $e 1.0

