01069nam a2200289 a 4500
001    86122256 /ACN
003 DLC
005 19870219000000.0
008 860303s1984    cc       b    00010 chi  
010    $a    86122256 /ACN
020    $c RMBY2.80
035    $a (CStRLIN)DCLP86-B3622
043    $a a-cc---
050 0  $a PL2333 $b .L63 1984
066    $c $1
082 0  $a 895.1/15/09 $2 19
100 10 $6 880-01 $a Lo, Han-chʻao.
245 10 $6 880-02 $a Chung-kuo hsien tai shih ko lun / $c [Lo Han-chʻao].
250    $6 880-03 $a Ti 1 pan.
260 0  $6 880-04 $a [Nan-ching shih] : $b Chiang-su jen min chʻu pan she : $b Chiang-su sheng hsin hua shu tien fa hsing, $c 1984.
300    $a 11, 411 p. ; $c 20 cm.
504    $a Includes bibliographical references.
650  0 $a Chinese poetry $y 20th century $x History and criticism.
880 10 $6 100-01/$1 $a 骆　寒超.
880 10 $6 245-02/$1 $a 中国　现代　诗歌　论 / $c [骆　寒超].
880    $6 250-03/$1 $a 第1版.
880 0  $6 260-04/$1 $a [南京市] : $b 江苏　人氱　出版社 : $b 江苏省　新華　書店　叱行, $c 1984.

