01194nam a2200325 a 4500
001    86124008 /ACN
003 DLC
005 19870219000000.0
008 860417s1985    cc     j      00010 chi  
010    $a    86124008 /ACN
020    $c RMBY0.61
035    $a (CStRLIN)DCLP86-B6501
043    $a a-cc---
050 0  $a DS731.U4 $b H75 1985
066    $c $1
082 0  $a 951/.6 $2 19
100 10 $6 880-01 $a Hsin, She.
245 10 $6 880-02 $a Tsai Wei-wu-erh chih hsiang / $c Hsin She.
250    $6 880-03 $a Ti 1 pan.
260 0  $6 880-04 $a Wu-lu-mu-chʻi shih : $b Hsin-chiang jen min chʻu pan she : $b Hsin-chiang hsin hua shu tien fa hsing, $c 1985.
300    $a 2, 178 p. ; $c 19 cm.
440  0 $6 880-05 $a Tsu kuo ta chia tʻing tsʻung shu
650  0 $a Uigurs $x Juvenile literature.
650  0 $a Ethnology $z China $x Juvenile literatture.
651  0 $a China $x Ethnic relations $x Juvenile literature.
880 10 $6 100-01/$1 $a 辛　涉.
880 10 $6 245-02/$1 $a 在　维吾尔　之　乡 / $c 辛　涉.
880    $6 250-03/$1 $a 第1版.
880 0  $6 260-04/$1 $a 乌鲁木齐市 : $b 新疆　人民　出版社 : $b 新疆　新華　書店　发行, $c 1985.
880  0 $6 440-05/$1 $a 祖国　大家庭　丛书

