01192cam a2200313 a 4500
001    86124229 
003 DLC
005 20001214140017.0
008 860703s1985    cc            000 1 chi  
010    $a    86124229 
020    $c RMBY1.05
035    $a (CStRLIN)DCLP86-B11515
040    $a DLC-R $c DLC-R $d CStRLIN $d DLC
050 00 $a PL2724.H37 $b H7 1985
066    $c $1
082 00 $a 895.1/34 $2 19
100 1  $6 880-01 $a Shen, Qifeng, $d b. 1741.
245 10 $6 880-02 $a Xie duo / $c Shen Qifeng zhu ; Qiao Yuzhou jiao dian.
250    $6 880-03 $a Beijing di 1 ban.
260    $6 880-04 $a Beijing : $b Ren min wen xue chu ban she : $b Xin hua shu dian Beijing fa xing suo fa xing, $c 1985.
300    $a 7, 198 p. ; $c 19 cm.
440  0 $6 880-05 $a Zhongguo xiao shuo shi liao cong shu
500    $a Short stories.
880 1  $6 100-01/$1 $a 沈　起凤, $d b. 1741.
880 10 $6 245-02/$1 $a 谐铎 / $c 沈　起凤　著 ; 乔　雨舟　校点.
880    $6 250-03/$1 $a 北京　第1版.
880    $6 260-04/$1 $a 北京 : $b 人民　文学　出版社 : $b 新华　书店　北京　发行所　发行, $c 1985.
880  0 $6 440-05/$1 $a 中国　小说　史料　丛书
987    $a PINYIN $b CStRLIN $c 20001214 $d c $e 1.0

