01470cam a2200349 a 4500
001    86124531 /ACN/r93
003 DLC
005 19930723073715.0
008 860319s1985    cc            00000 chi  
010    $a    86124531 /ACN/r93
020    $c RMBY1.80
035    $a (CStRLIN)DCLP86-B4826
043    $a a-cc---
050 0  $a HX418.5 $b .C482 1985
066    $c $1
082 0  $a 322/.2/0951 $2 19
245 00 $6 880-01 $a Chʻing kung cheng chih lun hsün chiao tsʻai / $c Chung kung Shang-hai shih wei hsüan chʻuan pu tsu chih pien hsieh.
250    $6 880-02 $a Ti 1 pan.
260    $6 880-03 $a Shang-hai : $b Shang-hai jen min chʻu pan she : $b Hsin hua shu tien Shang-hai fa hsing so fa hsing, $c 1985.
300    $a 8, 479 p. ; $c 19 cm.
500    $a Cover title also in pinyin: Qinggong zhengzhi lunxun jiaocai.
650  0 $a Communism $z China.
650  0 $a Working class $z China.
651  0 $a China $x History $y 19th century.
651  0 $a China $x History $y 20th century.
651  0 $a China $x Description and travel.
710 20 $6 880-04 $a Chung kung Shang-hai shih wei. $b Hsüan chʻuan pu.
740 01 $a Qinggong zhengzhi lunxun jiaocai.
880 00 $6 245-01/$1 $a 青工　政治　轮训　教材 / $c 中共　上海　市委　宣传部　组织　编写.
880    $6 250-02/$1 $a 第1版.
880    $6 260-03/$1 $a 上海 : $b 上海　人氱　出版社 : $b 新華　書店　上海　叱行所　叱行, $c 1985.
880 20 $6 710-04/$1 $a 中共　上海　市委. $b 宣传部.

