01072nam a2200301 a 4500
001    86125160 /ACN
003 DLC
005 19870219000000.0
008 860327s1985    cc cfh        00010 chi  
010    $a    86125160 /ACN
020    $c RMBY1.05
035    $a (CStRLIN)DCLP86-B5292
050 0  $a PL2862.I276 $b W8 1985
066    $c $1
082 0  $a 895.1/15 $2 19
100 10 $6 880-01 $a Hsiao, Chʻing.
245 10 $6 880-02 $a Wu shu hua / $c Hsiao Chʻing.
250    $6 880-03 $a Ti 1 pan.
260 0  $6 880-04 $a Pei-ching : $b Pei-ching shih yüeh wen i chʻu pan she : $b Hsin hua shu tien Pei-ching fa hsing so fa hsing, $c 1985.
300    $a 4, 3, 199 p., [2] p. of plates : $b facsim., port. ; $c 19 cm.
440  0 $6 880-05 $a Hung yeh shih tsʻung
500    $a Poems.
740 01 $a 5 shu hua.
880 10 $6 100-01/$1 $a 晓　晴.
880 10 $6 245-02/$1 $a 五束　花/ $c 晓　晴.
880    $6 250-03/$1 $a 第1版.
880 0  $6 260-04/$1 $a 北京 : $b 北京　十月　文艺　出版社 : $b 新华　书店　北京　叱行所　叱行, $c 1985.
880  0 $6 440-05/$1 $a 红叶　诗丛

