01248nam a2200301 a 4500
001    86125348 /ACN
003 DLC
005 19870219000000.0
008 860304r19851917ch            00010 chi  
010    $a    86125348 /ACN
035    $a (CStRLIN)DCLP86-B3824
043    $a a-cc---
050 0  $a DS754.18 $b .C446 1985
066    $c $1
082 0  $a 327.51 $2 19
100 10 $6 880-01 $a Chuang, Ping-hai.
245 10 $6 880-02 $a Wai chiao ssu tʻung lu / $c Chuang Ping-hai pien [tsuan].
260 0  $6 880-03 $a [Tʻai-pei hsien Yung-ho shih] : $b Wen hai chʻu pan she, $c min kuo 74 [1985]
300    $a 2, 2, 2, 272 p. ; $c 22 cm.
490 1  $6 880-04 $a Chin tai Chung-kuo shih liao tsʻung kʻan 3 pien : ti 2 chi ; $v 20
500    $a Reprint. Originally published: 1917?
651  0 $a China $x Foreign relations $y 1644-1912.
830  0 $6 880-05 $a Chin tai Chung-kuo shih liao tsʻung kʻan 3 pien ; $v 20.
880 10 $6 100-01/$1 $a 莊　病骸.
880 10 $6 245-02/$1 $a 外交　思痛　錄 / $c 莊　病骸　編[纂].
880 0  $6 260-03/$1 $a [臺北縣　永和市] : $b 文海　出版社, $c 民國74 [1985]
880 1  $6 490-04/$1 $a 近代　中國　史料　叢刊　三編 : 第二輯 ; $v 20
880  0 $6 830-05/$1 $a 近代　中國　史料　叢刊　三編 ; $v 20.

