01116cam a2200325 a 4500
001    86125443 
003 DLC
005 20020326070412.0
008 860304s1985    ch a          00010 chi  
010    $a    86125443 
020    $c $9.00 (U.S.)
035    $a (CStRLIN)DCLP86-B3795
040    $a DLC-R $c DLC-R $d CStRLIN $d DLC-R
043    $a a-cc---
050 00 $a B5231 $b .L59 1985
066    $c $1
082 00 $a 181/.11 $2 19
100 1  $6 880-01 $a Liu, Shaoji.
245 10 $6 880-02 $a Zhongguo zhe xue xin lun = $b A new view of the Chinese philosophy / $c Liu Shaoji zhu.
250    $6 880-03 $a Chu ban.
260    $6 880-04 $a Taibei Shi : $b Shi jie shu ju, $c min guo 74 [1985]
300    $a 6, 12, 424 p. : $b ill. ; $c 27 cm.
546    $a In Chinese.
650  0 $a Philosophy, Chinese.
740 0  $a New view of the Chinese philosophy.
880 1  $6 100-01/$1 $a 劉　紹基.
880 10 $6 245-02/$1 $a 中國　哲學　新論 = $b A new view of the Chinese philosophy / $c 劉　紹基　豗.
880    $6 250-03/$1 $a 初版.
880    $6 260-04/$1 $a 台北市 : $b 世界　書局, $c 氱國74 [1985]
987    $a PINYIN $b DLC $c 20020326 $d c

