01199nam a2200301 a 4500
001    86154542 /ACN/r86
003 DLC
005 19870219000000.0
008 860528s1985    cc            00000 chi  
010    $a    86154542 /ACN/r86
020    $c RMBY3.60 (v. 1)
035    $a (CStRLIN)DCLP86-B9002
043    $a a-cc---
050 0  $a HB126.C4 $b C533 1985
066    $c $1
082 0  $a 330/.0951 $2 19
245 00 $6 880-01 $a Chung-kuo ku tai ching chi chu shu hsüan tu / $c Yü Tsu-yao ... [et al.] pien chu.
250    $6 880-02 $a Ti 1 pan.
260 0  $6 880-03 $a [Chʻang-chʻun shih] : $b Chi-lin jen min chʻu pan she : $b Chi-lin sheng hsin hua shu tien fa hsing, $c 1985.
300    $a 2 v. ; $c 20 cm.
500    $a Colophon title also in pinyin: Zhongguo gudai jingji zhushu xuandu.
650  0 $a Economics $z China $x History.
700 10 $6 880-04 $a Yü, Tsu-yao.
740 01 $a Zhongguo gudai jingji zhushu xuandu.
880 00 $6 245-01/$1 $a 中國　古代　經濟　著述　選讀 / $c 虞　祖尧 ... [et al.] 编著.
880    $6 250-02/$1 $a 第1版.
880 0  $6 260-03/$1 $a [长春市] : $b 吉林　人民　出版社 : $b 吉林省　新华　书店　发行, $c 1985.
880 10 $6 700-04/$1 $a 虞　祖尧.

