00920nam a2200253 a 4500
001    86159478 /AK
003 DLC
005 19870219000000.0
008 860602s1984    ko            00010 kor  
010    $a    86159478 /AK
020    $c W2800
035    $a (CStRLIN)DCLP86-B9357
040    $a CLASIA $c CLASIA $d DLC
050 0  $a AC148 $b .K589256 1985
066    $c $1
100 10 $6 880-01 $a Kim, Tong-gil, $d 1928-
245 10 $6 880-02 $a Tŭrŏra, ttaltŭl a : $b Kim Tong-gil taepʻyo esei.
260 0  $6 880-03 $a Sŏul : $b Chʻŏngnyŏnsa, $c 1984 $g (1985 printing)
300    $a 271 p. ; $c 23 cm.
440  0 $6 880-04 $a Uri sidae ŭi taepʻyo sanmunsŏn ; $v 1
880 10 $6 100-01/$1 $a 김　동길, $d 1928-
880 10 $6 245-02/$1 $a 들어라,　딸들　아 : $b 김　동길　대표　에세이.
880 0  $6 260-03/$1 $a 서울 : $b 청년사, $c 1984 $g (1985 printing)
880  0 $6 440-04/$1 $a 우리　시대　의　대표　산문선 ; $v 1

